@COMMENT{example,
    author = {Examble - Boby Franz and Thosten Brants},
    organization = {Google Machine Translation Team},
    url = {http://googleresearch.blogspot.com/2006/08/all-our-n-gram-are-belong-to-you.html},
    title = {All Our N-Gram are Belong to You},
    month = aug,
    year = {2006},
}

@ONLINE{wiki:onvif,
    author = {Wikipedia},
    url = {https://en.wikipedia.org/wiki/ONVIF},
    title = {ONVIF},
    date = {2018-02-18},
    urldate = {2018-03-07}
}

@ONLINE{wiki:RTSP,
    author = {Wikipedia},
    url = {https://en.wikipedia.org/wiki/Real_Time_Streaming_Protocol},
    title = {Real Time Streaming Protocol},
    date = {2018-01-27},
    urldate = {2018-03-07}
}

@ONLINE{wiki:ML,
    author = {Wikipedia},
    url = {https://en.wikipedia.org/wiki/Machine_learning},
    title = {Machine Learning},
    date = {2018-06-29},
    urldate = {2018-07-17}
}

@ONLINE{wiki:NN,
    author = {Wikipedia},
    url = {https://fr.wikipedia.org/wiki/Réseau_de_neurones_artificiels},
    title = {Réseau de neurones artificiels},
    date = {2018-07-13},
    urldate = {2018-07-17}
}

@ONLINE{info:NN,
    author = {Donor McDonald},
    url = {https://towardsdatascience.com/machine-learning-fundamentals-ii-neural-networks-f1e7b2cb3eef},
    title = {Machine learning fundamentals (II): Neural networks},
    date = {2017-12-21},
    urldate = {2018-07-17}
}


@ONLINE{info:convnet,
    author = {Donor McDonald},
    url = {https://ujjwalkarn.me/2016/08/11/intuitive-explanation-convnets/},
    title = {An Intuitive Explanation of Convolutional Neural Networks},
    date = {2016-08-11},
    urldate = {2018-07-17}
}

@article{yolov3,
  title={YOLOv3: An Incremental Improvement},
  author={Redmon, Joseph and Farhadi, Ali},
  journal = {arXiv},
  year={2018}
}

@article{faster-rcnn,
  author    = {Shaoqing Ren and
               Kaiming He and
               Ross B. Girshick and
               Jian Sun},
  title     = {Faster {R-CNN:} Towards Real-Time Object Detection with Region Proposal
               Networks},
  journal   = {CoRR},
  volume    = {abs/1506.01497},
  year      = {2015},
  url       = {http://arxiv.org/abs/1506.01497},
  archivePrefix = {arXiv},
  eprint    = {1506.01497},
  timestamp = {Wed, 07 Jun 2017 14:42:40 +0200},
  biburl    = {https://dblp.org/rec/bib/journals/corr/RenHG015},
  bibsource = {dblp computer science bibliography, https://dblp.org}
}

@ONLINE{wiki:regression,
    author = {Wikipedia},
    url = {https://fr.wikipedia.org/wiki/Régression_(statistiques)},
    title = {Régression (statistique)},
    urldate = {2018-07-19},
    date = {2017-10-24}
}

@ONLINE{wiki:CNN,
    author = {Wikipedia},
    url = {https://fr.wikipedia.org/wiki/Réseau_neuronal_convolutif},
    title = {Réseaux neuronal convolutif},
    urldate = {2018-07-19},
    date = {2018-06-05}
}

@ONLINE{wiki:tenseur,
    author = {Wikipedia},
    url = {https://fr.wikipedia.org/wiki/Tenseur},
    title = {Tenseur},
    urldate = {2018-07-19},
    date = {2018-06-07}
}


@ONLINE{coursera:object,
    author = {Ng, Andrew and Katanforoosh, Kian and Bensouda Mourri, Younes},
    url = {https://www.coursera.org/lecture/convolutional-neural-networks/object-localization-nEeJM},
    title = {Object detection},
    urldate = {2018-06-27},
    year = {2018}
}



@ONLINE{cam:securite_info,
    author = {videosurveillance-boutique.fr},
    url = {http://www.videosurveillance-boutique.fr/support/comment-bien-choisir-sa-camera-de-surveillance-483.html},
    title = {Comment bien choisir sa caméra de surveillance},
    urldate = {2018-03-12}
}

@ONLINE{cam:electrosun_site,
    author = {Electrosun},
    url = {http://electrosun.fr/Caméra-surveillance-solaire},
    title = {Caméra IP solaire autonome},
    urldate = {2018-03-18}
}

@ONLINE{cam:argus2,
    author = {Reolink},
    title = {Argus 2 - Wire-Free Camera},
    url = {https://reolink.com/product/argus-2},
    year = {2018},
    urldate = {2018-03-13}
}

@ONLINE{cam:wan3,
    author = {Wanscam},
    title = {HW0029-3 - Outdoor IP Camera},
    url = {http://wanscam.com/productshow-14-65-1.html},
    urldate = {2018-03-11}
}

@ONLINE{cam:wan5,
    author = {Wanscam},
    title = {HW0029-5 - Outdoor IP Camera 1080P},
    url = {http://wanscam.com/productshow-16-94-1.html},
    urldate = {2018-03-12}
}

@ONLINE{cam:wan3-test,
    author = {Les Geeks},
    title = {[TEST] Présentation De La Caméra IP SOLAIRE HD 720p WANSCAM HW0029},
    url = {https://lesbonstuyauxgeeks.fr/test-presentation-de-la-camera-ip-solaire-hd-720p-wanscam-hw0029/},
    date = {2016-12-17},
    urldate = {2018-03-11}
}

@ONLINE{cam:wan3-url,
    author = {Damien ABAD - Domotique Store},
    title = {API des CAMÉRAS IP Wanscam Onvif},
    url = {http://tutoriels.domotique-store.fr/content/52/293/fr/api-des-cameras-ip-wanscam-onvif-hw-nouvelle-generation.html},
    date = {2016-04-29},
    urldate = {2018-03-11}
}

@ONLINE{cam:visortech,
    author = {Pearl.ch},
    title = {Caméra HD-IP},
    url = {https://fr.pearl.ch/article/NX4377/camera-hd-ip-avec-batterie-rechargeable-et-panneau-solaire-ipc-790-solar},
    urldate = {2018-03-09}
}

@ONLINE{util:cours,
    author = {zonebourse.com},
    title = {EURO / SWISS FRANC (EUR/CHF)},
    url = {https://www.zonebourse.com/EURO-SWISS-FRANC-EUR-C-4594/graphiques-cours/},
    urldate = {2018-05-12}
}

@ONLINE{cam:wan5-buy,
    author = {MagicVision},
    title = {Aliexpress.com -- Wanscam HW0029-5 Extérieure Étanche},
    url = {https://fr.aliexpress.com/item/Wanscam-HW0029-3-720P-solar-wifi-IP-camera-build-in-16G-TF-cards-support-128G-TF/32795681508.html},
    urldate = {2018-03-13}
}

@ONLINE{map:heig-vd,
    author = {Google Maps},
    title = {HEIG-VD},
    url = {https://www.google.com/maps/@46.7794439,6.6587222,18z},
    urldate = {2018-04-15},
    year = {2018}
}

@ONLINE{wiki:FQDN,
    author = {Wikipedia},
    title = {Fully qualified domain name},
    url = {https://fr.wikipedia.org/wiki/Fully_qualified_domain_name},
    date = {2016-12-25},
    urldate = {2018-06-13}
}

@ONLINE{wiki:basic-auth,
    author = {Wikipedia},
    title = {Basic access authentication},
    url = {https://en.wikipedia.org/wiki/Basic_access_authentication},
    date = {2018-06-07},
    urldate = {2018-06-13}
}

@ONLINE{wiki:HSV,
    author = {Wikipedia},
    title = {HSL and HSV},
    url = {https://en.wikipedia.org/wiki/HSL_and_HSV},
    date = {2018-06-28},
    urldate = {2018-07-09}
}

@ONLINE{doc:log,
    author = {Python.org},
    title = {Logging facility for Python},
    url = {https://docs.python.org/3/library/logging.html},
    urldate = {2018-06-14}
}

@ONLINE{lang:R,
    author = {R-Project},
    title = {The R Project for Statistical Computing},
    url = {https://www.r-project.org/},
    urldate = {2018-06-14}
}

@ONLINE{lang:matlab,
    author = {Matlab},
    title = {MATLAB - MathWorks},
    url = {https://www.mathworks.com/products/matlab.html},
    urldate = {2018-06-14}
}

@ONLINE{lang:python,
    author = {Python.org},
    title = {Welcome to Python.org},
    url = {https://www.python.org/},
    urldate = {2018-06-14}
}

@ONLINE{lib:opencv,
    author = {OpenCV team},
    title = {OpenCV library},
    url = {https://opencv.org/},
    urldate = {2018-06-14}
}

@ONLINE{lib:skimage,
    author = {Scikit-image.org},
    title = {Scikit-image: Image processing in Python},
    url = {scikit-image.org},
    urldate = {2018-06-14}
}

@ONLINE{lib:numpy,
    author = {Numpy.org},
    title = {NumPy},
    url = {http://www.numpy.org/},
    urldate = {2018-06-14}
}

@ONLINE{data:pklot,
    author = {Almeida, P. and Oliveira, L. S. and Silva Jr, E. and Britto Jr, A. and Koerich, A.},
    title = {Parking Lot Database - Laboratório Visão Robótica e Imagens},
    url = {https://web.inf.ufpr.br/vri/databases/parking-lot-database/},
    urldate = {2018-05-18}
}

@ARTICLE{paper:pklot,
    author = {Almeida, P. and Oliveira, L. S. and Silva Jr, E. and Britto Jr, A. and Koerich, A.},
    title = {PKLot – A robust dataset for parking lot classification},
    journal = {Expert Systems with Applications},
    year = {2015},
    volume = {42},
    numer = {11},
    pages = {4937-4949}
}

@ARTICLE{paper:dlp,
 author = {Amato, Giuseppe and Carrara, Fabio and Falchi, Fabrizio and Gennaro, Claudio and Meghini, Carlo and Vairo, Claudio},
 title = {Deep Learning for Decentralized Parking Lot Occupancy Detection},
 journal = {Expert Syst. Appl.},
 issue_date = {April 2017},
 volume = {72},
 number = {C},
 month = apr,
 year = {2017},
 issn = {0957-4174},
 pages = {327--334},
 numpages = {8},
 url = {https://doi.org/10.1016/j.eswa.2016.10.055},
 doi = {10.1016/j.eswa.2016.10.055},
 acmid = {3138662},
 publisher = {Pergamon Press, Inc.},
 address = {Tarrytown, NY, USA},
 keywords = {Classification, Convolutional neural networks, Deep learning, Machine learning, Parking space dataset},
} 

@ARTICLE{paper:psv,
  author    = {Sepehr Valipour and
               Mennatullah Siam and
               Eleni Stroulia and
               Martin J{\"{a}}gersand},
  title     = {Parking Stall Vacancy Indicator System Based on Deep Convolutional
               Neural Networks},
  journal   = {CoRR},
  volume    = {abs/1606.09367},
  year      = {2016},
  url       = {http://arxiv.org/abs/1606.09367},
  archivePrefix = {arXiv},
  eprint    = {1606.09367},
  timestamp = {Wed, 07 Jun 2017 14:40:25 +0200},
  biburl    = {https://dblp.org/rec/bib/journals/corr/ValipourSSJ16},
  bibsource = {dblp computer science bibliography, https://dblp.org}
}

@ARTICLE{paper:car_detect,
  author    = {Tianfu Wu and
               Bo Li and
               Song{-}Chun Zhu},
  title     = {Learning And-Or Models to Represent Context and Occlusion for Car
               Detection and Viewpoint Estimation},
  journal   = {CoRR},
  volume    = {abs/1501.07359},
  year      = {2015},
  url       = {http://arxiv.org/abs/1501.07359},
  archivePrefix = {arXiv},
  eprint    = {1501.07359},
  timestamp = {Mon, 06 Nov 2017 17:26:29 +0100},
  biburl    = {https://dblp.org/rec/bib/journals/corr/WuLZ15},
  bibsource = {dblp computer science bibliography, https://dblp.org}
}

@ONLINE{img:parking,
    author = {fill},
    title = {Parking automobiles véhicules},
    url = {https://pixabay.com/fr/parking-automobiles-véhicules-825371/},
    urldate = {2018-05-18},
    date = {2015-06-13}
}

@ONLINE{info:training,
    author = {Li, Fei-Fei and Karpathy, Andrej and Johnson, Justin},
    title = {Parking automobiles véhicules},
    url = {https://web.cs.hacettepe.edu.tr/~aykut/classes/spring2016/bil722/slides/w05-FasterR-CNN.pdf},
    urldate = {2018-07-19},
    date = {2016-02-01}
}

@ONLINE{lib:tensorflow,
    author = {TensorFlow},
    title = {TensorFlow},
    url = {https://www.tensorflow.org/},
    urldate = {2018-07-19}
}

@ONLINE{wiki:tensorflow,
    author = {Wikipedia},
    title = {TensorFlow},
    url = {https://en.wikipedia.org/wiki/TensorFlow},
    urldate = {2018-07-22},
    date = {2018-06-28}
}

@ONLINE{lib:keras,
    author = {Keras},
    title = {Keras: The Python Deep Learning library},
    url = {https://keras.io/},
    urldate = {2018-07-22}
}

@ONLINE{lib:tensorflow_object,
    author = {Keras},
    title = {Tensorflow Object Detection API},
    url = {https://github.com/tensorflow/models/tree/master/research/object_detection},
    urldate = {2018-06-18}
}

@ONLINE{lib:yolo,
    author = {pjreddie},
    title = {YOLO: Real-Time Object Detection},
    url = {https://pjreddie.com/darknet/yolo/},
    urldate = {2018-06-26}
}

@ONLINE{data:coco,
    author = {MSCoco},
    title = {Coco: Common Object in Context},
    url = {cocodataset.org/},
    urldate = {2018-07-22}
}

@ONLINE{wiki:rmse,
    author = {Wikipedia},
    title = {Root Mean Squared Deviation},
    url = {https://en.wikipedia.org/wiki/Root-mean-square_deviation},
    urldate = {2018-07-23}
}

@ONLINE{wiki:inpainting,
    author = {Wikipedia},
    title = {Inpainting},
    url = {https://en.wikipedia.org/wiki/Inpainting},
    urldate = {2018-07-24}
}

@ONLINE{lib:flask,
    author = {Flask},
    title = {Flask (A Python Microframework)},
    url = {http://flask.pocoo.org/},
    urldate = {2018-07-21}
}



@inproceedings{data:cars,
  title = {3D Object Representations for Fine-Grained Categorization},
  booktitle = {4th International IEEE Workshop on  3D Representation and Recognition (3dRR-13)},
  year = {2013},
  address = {Sydney, Australia},
  author = {Jonathan Krause and Michael Stark and Jia Deng and Li Fei-Fei}
}
