@COMMENT{example,
    author = {Examble - Boby Franz and Thosten Brants},
    organization = {Google Machine Translation Team},
    url = {http://googleresearch.blogspot.com/2006/08/all-our-n-gram-are-belong-to-you.html},
    title = {All Our N-Gram are Belong to You},
    month = aug,
    year = {2006},
}

@ONLINE{wiki:onvif,
    author = {Wikipedia},
    url = {https://en.wikipedia.org/wiki/ONVIF},
    title = {ONVIF},
    date = {2018-02-18},
    urldate = {2018-03-07}
}

@ONLINE{wiki:RTSP,
    author = {Wikipedia},
    url = {https://en.wikipedia.org/wiki/Real_Time_Streaming_Protocol},
    title = {Real Time Streaming Protocol},
    date = {2018-01-27},
    urldate = {2018-03-07}
}

@ONLINE{cam:securite_info,
    author = {videosurveillance-boutique.fr},
    url = {http://www.videosurveillance-boutique.fr/support/comment-bien-choisir-sa-camera-de-surveillance-483.html},
    title = {Comment bien choisir sa caméra de surveillance},
    urldate = {2018-03-12}
}

@ONLINE{cam:electrosun_site,
    author = {Electrosun},
    url = {http://electrosun.fr/Caméra-surveillance-solaire},
    title = {Caméra IP solaire autonome},
    urldate = {2018-03-18}
}

@ONLINE{cam:argus2,
    author = {Reolink},
    title = {Argus 2 - Wire-Free Camera},
    url = {https://reolink.com/product/argus-2},
    year = {2018},
    urldate = {2018-03-13}
}

@ONLINE{cam:wan3,
    author = {Wanscam},
    title = {HW0029-3 - Outdoor IP Camera},
    url = {http://wanscam.com/productshow-14-65-1.html},
    urldate = {2018-03-11}
}

@ONLINE{cam:wan3-test,
    author = {Les Geeks},
    title = {[TEST] Présentation De La Caméra IP SOLAIRE HD 720p WANSCAM HW0029},
    url = {https://lesbonstuyauxgeeks.fr/test-presentation-de-la-camera-ip-solaire-hd-720p-wanscam-hw0029/},
    date = {2016-12-17},
    urldate = {2018-03-11}
}

@ONLINE{cam:wan3-url,
    author = {Damien ABAD - Domotique Store},
    title = {API des CAMÉRAS IP Wanscam Onvif},
    url = {http://tutoriels.domotique-store.fr/content/52/293/fr/api-des-cameras-ip-wanscam-onvif-hw-nouvelle-generation.html},
    date = {2016-04-29},
    urldate = {2018-03-11}
}